@book{BROCKWELL:2009a,
  title={{Time Series: Theory and Methods}},
  author={Brockwell, P.J. and Davis, R.A.},
  isbn={9781441903198},
  lccn={90025821},
  series={{Springer Series in Statistics}},
  year={2009},
  publisher={Springer}
}

@book{SEBER:LR:2012a,
  title={{Linear Regression Analysis}},
  author={Seber, G.A.F. and Lee, A.J.},
  isbn={9781118274422},
  lccn={2003266044},
  series={{Wiley Series in Probability and Statistics}},
  publisher={Wiley},
  year={2012},
}

@book{CASELLA:2002a,
  title={{Statistical Inference}},
  author={Casella, G. and Berger, R.L.},
  isbn={9780534243128},
  lccn={20010257},
  series={{Duxbury Advanced Series in Statistics and Decision Sciences}},
  year={2002},
  publisher={Thomson Learning}
}
